@article{tehrani2014device,
  title={Device-to-device communication in 5G cellular networks: challenges, solutions, and future directions},
  author={Tehrani, Mohsen Nader and Uysal, Mustafa and Yanikomeroglu, Halim},
  journal={Communications Magazine, IEEE},
  volume={52},
  number={5},
  pages={86--92},
  year={2014},
  publisher={IEEE}
}

@article{fodor2012design,
  title={Design aspects of network assisted device-to-device communications},
  author={Fodor, G{\'a}bor and Dahlman, Erik and Mildh, Gunnar and Parkvall, Stefan and Reider, Norbert and Mikl{\'o}s, Gy{\"o}rgy and Tur{\'a}nyi, Zolt{\'a}n},
  journal={Communications Magazine, IEEE},
  volume={50},
  number={3},
  pages={170--177},
  year={2012},
  publisher={IEEE}
}
@inproceedings{xing2010investigation,
  title={The investigation of power control schemes for a device-to-device communication integrated into OFDMA cellular system},
  author={Xing, Hongnian and Hakola, Sami},
  booktitle={Personal Indoor and Mobile Radio Communications (PIMRC), 2010 IEEE 21st International Symposium on},
  pages={1775--1780},
  year={2010},
  organization={IEEE}
}
@inproceedings{sun2014distributed,
  title={Distributed power control for device-to-device network using stackelberg game},
  author={Sun, Chengdan and Peng, Mugen and Sun, Yaohua and Li, Yuan and Jiang, Jiamo},
  booktitle={Wireless Communications and Networking Conference (WCNC), 2014 IEEE},
  pages={1344--1349},
  year={2014},
  organization={IEEE}
}
@article{lee2015power,
  title={Power Control for D2D Underlaid Cellular Networks: Modeling, Algorithms, and Analysis},
  author={Lee, Namyoon and Lin, Xingqin and Andrews, Jeffrey G and Heath, RW},
  journal={Selected Areas in Communications, IEEE Journal on},
  volume={33},
  number={1},
  pages={1--13},
  year={2015},
  publisher={IEEE}
}
@ARTICLE{optimal2015Wu,
author={Yuan Wu and Jiaheng Wang and Liping Qian and Schober, R.},
journal={Communications Letters, IEEE},
title={Optimal Power Control for Energy Efficient D2D Communication and Its Distributed Implementation},
year={2015},
volume={19},
number={5},
pages={815-818},
keywords={cellular radio;distributed algorithms;energy conservation;optimal control;power control;telecommunication power management;DU energy efficiency maximization;cellular network assisted device-to-device communication;device-to-device user circuit power consumption;distributed algorithm;energy efficient D2D communication;optimal power control;resource sharing;Convergence;Distributed algorithms;Educational institutions;Interference;Power control;Power demand;Throughput;Device-to-device communications;energy efficiency;power control},
doi={10.1109/LCOMM.2015.2407871},
ISSN={1089-7798},
month={May},}

@ARTICLE{energy2015jiang,
author={Jiang, Y. and Liu, Q. and Zheng, F. and Gao, X. and You, X.},
journal={Vehicular Technology, IEEE Transactions on},
title={Energy Efficient Joint Resource Allocation and Power Control for D2D Communications},
year={2015},
volume={PP},
number={99},
pages={1-1},
keywords={Interference;Joints;Optimization;Power control;Propagation losses;Resource management;Transmitters;Energy efficiency;device-to-device;fractional programming;penalty function;power control;resource allocation},
doi={10.1109/TVT.2015.2472995},
ISSN={0018-9545},
month={},}

@inproceedings{ji2012spectrum,
  title={Spectrum allocation based on Q-Learning algorithm in femtocell networks},
  author={Ji, Xiangfen and Qi, Zhu and Su, Zhao},
  booktitle={Computer Science and Automation Engineering (CSAE), 2012 IEEE International Conference on},
  volume={1},
  pages={381--385},
  year={2012},
  organization={IEEE}
}

@inproceedings{han2007distributive,
  title={Distributive opportunistic spectrum access for cognitive radio using correlated equilibrium and no-regret learning},
  author={Han, Zhu and Pandana, Charles and Liu, KJ},
  booktitle={Wireless Communications and Networking Conference, 2007. WCNC 2007. IEEE},
  pages={11--15},
  year={2007},
  organization={IEEE}
}

@inproceedings{saad2012distributed,
  title={Distributed cooperative Q-learning for power allocation in cognitive femtocell networks},
  author={Saad, Hussein and Mohamed, Amr and ElBatt, Tamer},
  booktitle={Vehicular Technology Conference (VTC Fall), 2012 IEEE},
  pages={1--5},
  year={2012},
  organization={IEEE}
}

@inproceedings{saad2013cooperative,
  title={A Cooperative Q-Learning Approach for Online Power Allocation in Femtocell Networks},
  author={Saad, Hasnida and Mohamed, Amr and ElBatt, Tamer},
  booktitle={Vehicular Technology Conference (VTC Fall), 2013 IEEE 78th},
  pages={1--6},
  year={2013},
  organization={IEEE}
}

@inproceedings{saad2014cooperative,
  title={A cooperative Q-learning approach for distributed resource allocation in multi-user femtocell networks},
  author={Saad, Hasnida and Mohamed, Amr and ElBatt, Tamer},
  booktitle={Wireless Communications and Networking Conference (WCNC), 2014 IEEE},
  pages={1490--1495},
  year={2014},
  organization={IEEE}
}

@article{kim2013resource,
  title={Resource Allocation and Power Control Scheme for Cellular Network Based D2D (Device-to-Device) Communication.},
  author={Kim, Tae-Sub and Yoon, Suk-Ho and Ryu, Seungwan and Cho, Choong-Ho},
  journal={Journal of Convergence Information Technology},
  volume={8},
  number={7},
  year={2013}
}
@article{wang2013distributed,
  title={Distributed Q-Learning for Interference Mitigation in Self-Organised Femtocell Networks: Synchronous or Asynchronous?},
  author={Wang, Hong and Song, Rongfang},
  journal={Wireless personal communications},
  volume={71},
  number={4},
  pages={2491--2506},
  year={2013},
  publisher={Springer}
}

@article{shahid2015docitive,
  title={A docitive Q-learning approach towards joint resource allocation and power control in self-organised femtocell networks},
  author={Shahid, Adnan and Aslam, Saleem and Kim, Hyung Seok and Lee, Kyung-Geun},
  journal={Transactions on Emerging Telecommunications Technologies},
  volume={26},
  number={2},
  pages={216--230},
  year={2015},
  publisher={Wiley Online Library}
}

@article{hybrid2015maghsudi,
author={Maghsudi, S. and Stanczak, S.},
journal={Vehicular Technology, IEEE Transactions on},
title={Hybrid Centralized-Distributed Resource Allocation for Device-to-Device Communication Underlaying Cellular Networks},
year={2015},
volume={PP},
number={99},
pages={1-1},
keywords={Aggregates;Channel allocation;Interference;Power control;Receivers;Resource management;Transmitters;Channel allocation;Q-learning;game theory;graph theory;power control;underlay device-to-device communication},
doi={10.1109/TVT.2015.2423691},
ISSN={0018-9545},
month={},}

%%%%%%%% new %%%%%%%
%%%%%%%%%%%%%%%%%%%%
@article{asadi2014survey,
  title={A survey on device-to-device communication in cellular networks},
  author={Asadi, Arash and Wang, Qing and Mancuso, Vincenzo},
  journal={Communications Surveys \& Tutorials, IEEE},
  volume={16},
  number={4},
  pages={1801--1819},
  year={2014},
  publisher={IEEE}
}

@inproceedings{kaufman2008cellular,
  title={Cellular networks with an overlaid device to device network},
  author={Kaufman, Brett and Aazhang, Behnaam},
  booktitle={Signals, Systems and Computers, 2008 42nd Asilomar Conference on},
  pages={1537--1541},
  year={2008},
  organization={IEEE}
}

@article{doppler2009device,
  title={Device-to-device communication as an underlay to LTE-advanced networks},
  author={Doppler, Klaus and Rinne, Mika and Wijting, Carl and Ribeiro, C{\'a}ssio B and Hugl, Klaus},
  journal={Communications Magazine, IEEE},
  volume={47},
  number={12},
  pages={42--49},
  year={2009},
  publisher={IEEE}
}

@inproceedings{peng2009interference,
  title={Interference avoidance mechanisms in the hybrid cellular and device-to-device systems},
  author={Peng, Tao and Lu, Qianxi and Wang, Haiming and Xu, Shaoyi and Wang, Wenbo},
  booktitle={Personal, Indoor and Mobile Radio Communications, 2009 IEEE 20th International Symposium on},
  pages={617--621},
  year={2009},
  organization={IEEE}
}

@article{min2011reliability,
  title={Reliability improvement using receive mode selection in the device-to-device uplink period underlaying cellular networks},
  author={Min, Hyunkee and Seo, Woohyun and Lee, Jemin and Park, Sungsoo and Hong, Daesik},
  journal={Wireless Communications, IEEE Transactions on},
  volume={10},
  number={2},
  pages={413--418},
  year={2011},
  publisher={IEEE}
}

@inproceedings{belleschi2011performance,
  title={Performance analysis of a distributed resource allocation scheme for D2D communications},
  author={Belleschi, Marco and Fodor, G{\'a}bor and Abrardo, Andrea},
  booktitle={GLOBECOM Workshops (GC Wkshps), 2011 IEEE},
  pages={358--362},
  year={2011},
  organization={IEEE}
}

@incollection{silva2014radio,
  title={Radio Resource Management for Device-to-Device Communications in Long Term Evolution Networks},
  author={Silva, Carlos FM and Silva Jr, Jos{\'e} Mairton B and Maciel, Tarcisio F},
  booktitle={Resource Allocation and MIMO for 4G and Beyond},
  pages={105--156},
  year={2014},
  publisher={Springer}
}
%%%%%%%%%%%%%%%%%%%%
%%%%%%%% new %%%%%%%

@book{wiering2012reinforcement,
  title={Reinforcement Learning: State-of-the-art},
  author={Wiering, Marco and van Otterlo, Martijn},
  volume={12},
  year={2012},
  publisher={Springer Science \& Business Media}
}

@article{busoniu2008comprehensive,
  title={A comprehensive survey of multiagent reinforcement learning},
  author={Busoniu, Lucian and Babuska, Robert and De Schutter, Bart},
  journal={Systems, Man, and Cybernetics, Part C: Applications and Reviews, IEEE Transactions on},
  volume={38},
  number={2},
  pages={156--172},
  year={2008},
  publisher={IEEE}
}

@inproceedings{galindo2010cognition,
  title={Cognition and docition in OFDMA-based femtocell networks},
  author={Galindo-Serrano, Ana and Giupponi, Lorenza and Dohler, Mischa},
  booktitle={Global Telecommunications Conference (GLOBECOM 2010), 2010 IEEE},
  pages={1--6},
  year={2010},
  organization={IEEE}
}

@inproceedings{galindo2010distributed,
  title={Distributed Q-learning for interference control in OFDMA-based femtocell networks},
  author={Galindo-Serrano, Ana and Giupponi, Lorenza},
  booktitle={Vehicular Technology Conference (VTC 2010-Spring), 2010 IEEE 71st},
  pages={1--5},
  year={2010},
  organization={IEEE}
}

@inproceedings{galindo2011distributed,
  title={Distributed learning in multiuser OFDMA femtocell networks},
  author={Galindo-Serrano, Ana and Giupponi, Lorenza and Auer, Gunther},
  booktitle={Vehicular Technology Conference (VTC Spring), 2011 IEEE 73rd},
  pages={1--6},
  year={2011},
  organization={IEEE}
}

@article{littman2001value,
  title={Value-function reinforcement learning in Markov games},
  author={Littman, Michael L},
  journal={Cognitive Systems Research},
  volume={2},
  number={1},
  pages={55--66},
  year={2001},
  publisher={Elsevier}
}

@inproceedings{lauer2000algorithm,
  title={An algorithm for distributed reinforcement learning in cooperative multi-agent systems},
  author={Lauer, Martin and Riedmiller, Martin},
  booktitle={In Proceedings of the Seventeenth International Conference on Machine Learning},
  year={2000},
  organization={Citeseer}
}

@article{watkins1992q,
  title={Q-learning},
  author={Watkins, Christopher JCH and Dayan, Peter},
  journal={Machine learning},
  volume={8},
  number={3-4},
  pages={279--292},
  year={1992},
  publisher={Springer}
}

@article{feng2013survey,
  title={A survey of energy-efficient wireless communications},
  author={Feng, Daquan and Jiang, Chenzi and Lim, Gubong and Cimini, Leonard J and Feng, Gang and Li, Geoffrey Ye},
  journal={IEEE Communications Surveys \& Tutorials},
  volume={15},
  number={1},
  pages={167--178},
  year={2013},
  publisher={IEEE}
}

@article{wu2014energy,
  title={Energy-efficient resource sharing for mobile device-to-device multimedia communications},
  author={Wu, Dan and Wang, Jinlong and Hu, Rose Qingyang and Cai, Yueming and Zhou, Liang},
  journal={IEEE Transactions on Vehicular Technology},
  volume={63},
  number={5},
  pages={2093--2103},
  year={2014},
  publisher={IEEE}
}
@article{zhou2015game,
  title={Game-theoretic approach to energy-efficient resource allocation in device-to-device underlay communications},
  author={Zhou, Zhenyu and Dong, Mianxiong and Ota, Kaoru and Shi, Ruifeng and Liu, Zhiheng and Sato, Takuro},
  journal={IET Communications},
  volume={9},
  number={3},
  pages={375--385},
  year={2015},
  publisher={IET}
}
@inproceedings{zhou2014distributed,
  title={Distributed interference-aware energy-efficient resource allocation for device-to-device communications underlaying cellular networks},
  author={Zhou, Zhenyu and Dong, Mianxiong and Ota, Kaoru and Wu, Jun and Sato, Takuro},
  booktitle={2014 IEEE Global Communications Conference},
  pages={4454--4459},
  year={2014},
  organization={IEEE}
}
@article{wang2015energy,
  title={Energy-efficient resource allocation for device-to-device underlay communication},
  author={Wang, Feiran and Xu, Chen and Song, Lingyang and Han, Zhu},
  journal={IEEE Transactions on Wireless Communications},
  volume={14},
  number={4},
  pages={2082--2092},
  year={2015},
  publisher={IEEE}
}
@inproceedings{akkarajitsakul2012mode,
  title={Mode selection for energy-efficient D2D communications in LTE-advanced networks: A coalitional game approach},
  author={Akkarajitsakul, Khajonpong and Phunchongharn, Phond and Hossain, Ekram and Bhargava, Vijay K},
  booktitle={Communication Systems (ICCS), 2012 IEEE International Conference on},
  pages={488--492},
  year={2012},
  organization={IEEE}
}
@article{xuenergy,
  title={Energy-Efficient Power Control Scheme for Device-to-Device Communications},
  author={Xu, Yanli},
  journal={Wireless Personal Communications},
  pages={1--15},
  publisher={Springer}
}
@inproceedings{wen2013energy,
  title={Energy efficient power allocation schemes for device-to-device (D2D) communication},
  author={Wen, Si and Zhu, Xiaoyue and Lin, Zhesheng and Zhang, Xin and Yang, Dacheng},
  booktitle={Vehicular Technology Conference (VTC Fall), 2013 IEEE 78th},
  pages={1--5},
  year={2013},
  organization={IEEE}
}
@article{wu2015optimal,
  title={Optimal power control for energy efficient D2D communication and its distributed implementation},
  author={Wu, Yuan and Wang, Jiaheng and Qian, Liping and Schober, Robert},
  journal={IEEE Communications Letters},
  volume={19},
  number={5},
  pages={815--818},
  year={2015},
  publisher={IEEE}
}
@inproceedings{shams2014energy,
  title={Energy-aware power control for a multiple-relay cooperative network using Q-learning},
  author={Shams, Farshad and Bacci, Giacomo and Luise, Marco},
  booktitle={2014 9th International Conference on Cognitive Radio Oriented Wireless Networks and Communications (CROWNCOM)},
  pages={417--422},
  year={2014},
  organization={IEEE}
}
@inproceedings{shams2014q,
  title={A Q-learning game-theory-based algorithm to improve the energy efficiency of a multiple relay-aided network},
  author={Shams, Farshad and Bacci, Giacomo and Luise, Marco},
  booktitle={General Assembly and Scientific Symposium (URSI GASS), 2014 XXXIth URSI},
  pages={1--4},
  year={2014},
  organization={IEEE}
}
@inproceedings{zhang2014qos,
  title={QoS-aware energy-efficient power control in two-tier femtocell networks based on Q-learning},
  author={Zhang, Zhicai and Wen, Xiangming and Li, Zhengfu and He, Shenghua and Jing, Wenpeng and Zhao, Jun},
  booktitle={Telecommunications (ICT), 2014 21st International Conference on},
  pages={313--317},
  year={2014},
  organization={IEEE}
}
@inproceedings{chen2013improving,
  title={Improving energy efficiency in green femtocell networks: A hierarchical reinforcement learning framework},
  author={Chen, Xianfu and Zhang, Honggang and Chen, Tao and Lasanen, Mika},
  booktitle={2013 IEEE International Conference on Communications (ICC)},
  pages={2241--2245},
  year={2013},
  organization={IEEE}
}
@article{saraydar2002efficient,
  title={Efficient power control via pricing in wireless data networks},
  author={Saraydar, Cem U and Mandayam, Narayan B and Goodman, David J},
  journal={IEEE transactions on Communications},
  volume={50},
  number={2},
  pages={291--303},
  year={2002},
  publisher={IEEE}
}
@article{jang2014energy,
  title={Energy-efficient uplink power control for multiuser SIMO systems with imperfect channel state information},
  author={Jang, Moonheok and Kwon, Younggap and Park, Hyunsung and Hwang, Taewon},
  journal={EURASIP Journal on Wireless Communications and Networking},
  volume={2014},
  number={1},
  pages={1--11},
  year={2014},
  publisher={Springer}
}
@article{miao2011distributed,
  title={Distributed interference-aware energy-efficient power optimization},
  author={Miao, Guowang and Himayat, Nageen and Li, Geoffrey Ye and Talwar, Shilpa},
  journal={IEEE Transactions on Wireless Communications},
  volume={10},
  number={4},
  pages={1323--1333},
  year={2011},
  publisher={IEEE}
}
@article{long2007non,
  title={Non-cooperative power control for wireless ad hoc networks with repeated games},
  author={Long, Chengnian and Zhang, Qian and Li, Bo and Yang, Huilong and Guan, Xinping},
  journal={IEEE Journal on Selected Areas in Communications},
  volume={25},
  number={6},
  pages={1101--1112},
  year={2007},
  publisher={IEEE}
}
@article{xing2008stochastic,
  title={Stochastic learning solution for distributed discrete power control game in wireless data networks},
  author={Xing, Yiping and Chandramouli, Rajarathnam},
  journal={IEEE/ACM Transactions on networking},
  volume={16},
  number={4},
  pages={932--944},
  year={2008},
  publisher={IEEE}
}
